% This file was created with JabRef 2.7b.
% Encoding: UTF-8

@INPROCEEDINGS{aguero2010behavior,
  author = {Ag{\"u}ero, Carlos E and Canas, Jose M and Mart{\i}n, Francisco and
	Perdices, Eduardo},
  title = {Behavior-based iterative component architecture for soccer applications
	with the nao humanoid},
  booktitle = {5th Workshop on Humanoids Soccer Robots. Nashville, TN, USA},
  year = {2010}
}

@BOOK{aldoma2012our,
  title = {OUR-CVFH--Oriented, Unique and Repeatable Clustered Viewpoint Feature
	Histogram for Object Recognition and 6DOF Pose Estimation},
  publisher = {Springer},
  year = {2012},
  author = {Aldoma, Aitor and Tombari, Federico and Rusu, Radu Bogdan and Vincze,
	Markus}
}

@STANDARD{RobotnikRB1,
  title = {Robotnik announces the RB-1, a new ROS based mobile manipulator},
  organization = {Robotnik},
  author = {Alejandro Espert},
  url = {http://www.ros.org/news/2015/02/robotnik-announces-the-rb-1-a-new-ros-based-mobile-manipulator.html},
  owner = {fran},
  timestamp = {2016.02.22}
}

@ARTICLE{Hornung2013,
  author = {Hornung, Armin and Wurm, Kai M and Bennewitz, Maren and Stachniss,
	Cyrill and Burgard, Wolfram},
  title = {OctoMap: An efficient probabilistic 3D mapping framework based on
	octrees},
  journal = {Autonomous Robots},
  year = {2013},
  volume = {34},
  pages = {189--206},
  number = {3},
  publisher = {Springer}
}

@ARTICLE{hornung2013octomap,
  author = {Hornung, Armin and Wurm, Kai M and Bennewitz, Maren and Stachniss,
	Cyrill and Burgard, Wolfram},
  title = {OctoMap: An efficient probabilistic 3D mapping framework based on
	octrees},
  journal = {Autonomous Robots},
  year = {2013},
  volume = {34},
  pages = {189--206},
  number = {3},
  publisher = {Springer}
}

@INPROCEEDINGS{lera2014building,
  author = {Lera, Francisco J and Casado, Fernando and Rodr{\'\i}guez, Carlos
	and Olivera, Vicente Matell{\'a}n},
  title = {Building Low-Cost mobile manipulation platform for RoCKIn@ home competition},
  booktitle = {XV Workshop of physical agents: book of proceedings, WAF 2014, June
	12th and 13th, 2014 Le{\'o}n, Spain},
  year = {2014},
  pages = {41--50}
}

@INCOLLECTION{lera2015social,
  author = {Lera, Francisco J Rodr{\'\i}guez and Casado, Fernando and Fern{\'a}ndez,
	Camino and Matell{\'a}n, Vicente},
  title = {Social Navigation Restrictions for Interactive Robots Using Augmented
	Reality},
  booktitle = {Advances in Artificial Intelligence},
  publisher = {Springer},
  year = {2015},
  pages = {347--356}
}

@INPROCEEDINGS{lera2014mobile,
  author = {Lera, Francisco Rodriguez and Garcia, Fernando Casado and Esteban,
	Gonzalo and Matellan, Vicente},
  title = {Mobile Robot Performance in Robotics Challenges: Analyzing a Simulated
	Indoor Scenario and Its Translation to Real-World},
  booktitle = {Artificial Intelligence, Modelling and Simulation (AIMS), 2014 2nd
	International Conference on},
  year = {2014},
  pages = {149--154},
  organization = {IEEE}
}

@INPROCEEDINGS{martin2014myrabot,
  author = {Martin Rico, Francisco and Rodriguez Lera, Francisco J and Matellan
	Olivera, Vicente},
  title = {MYRABot+: A Feasible robotic system for interaction challenges},
  booktitle = {Autonomous Robot Systems and Competitions (ICARSC), 2014 IEEE International
	Conference on},
  year = {2014},
  pages = {273--278},
  organization = {IEEE}
}

@MISC{2RobotnikRB1,
  author = {Robotnik},
  title = {Mobile manipulator RB-1},
  howpublished = {Online},
  month = {2},
  year = {215},
  owner = {fran},
  timestamp = {2016.02.22},
  url = {http://www.robotnik.eu/manipulators/rb-one/}
}

@STANDARD{IEEESpectrum2015,
  title = {Robotnik Enters Mobile Manipulator Market With RB-1},
  organization = {IEEE Spectrum},
  institution = {IEEE.org},
  url = {http://spectrum.ieee.org/automaton/robotics/industrial-robots/robotnik-enters-mobile-manipulator-market-with-the-rb1},
  owner = {fran},
  timestamp = {2015.09.28}
}

@STANDARD{Mathieu2015,
  title = {Find object},
  organization = {Mathieu Labbé},
  institution = {Mathieu Labbé},
  url = {https://code.google.com/p/ find- object/},
  owner = {fran},
  timestamp = {2015.09.28}
}

@STANDARD{Robotnik2015,
  title = {Mobile manipulator RB-1},
  organization = {Robotnik},
  institution = {Robotnik},
  url = {http://www.robotnik.eu/manipulators/rb-one/},
  owner = {fran},
  timestamp = {2015.09.28}
}

@STANDARD{TechnicalRobotnik2015,
  title = {Technical Specifications},
  organization = {Robotnik},
  institution = {Robotnik},
  url = {http://www.robotnik.es/web/wp-content/uploads/2014/06/RB-1-e\_New.pdf},
  owner = {fran},
  timestamp = {2015.09.30}
}

@OTHER{tsgdsfg,
  owner = {fran},
  timestamp = {2016.02.22},
  url = {http://www.robotnik.eu/manipulators/rb-one/}
}

@comment{jabref-meta: selector_publisher:}

@comment{jabref-meta: selector_author:}

@comment{jabref-meta: selector_journal:}

@comment{jabref-meta: selector_keywords:}

